@misc{cox2011xv6,
  title={Xv6, a simple Unix-like teaching operating system},
  author={Cox, Russ and Kaashoek, M Frans and Morris, Robert},
  journal={2013-09-05]. http://pdos. csail. mit. edu/6.828/2012/xv6. html},
  year={2011}
}

@article{dunkels2001design,
  title={Design and Implementation of the lwIP TCP/IP Stack},
  author={Dunkels, Adam},
  journal={Swedish Institute of Computer Science},
  volume={2},
  number={77},
  year={2001}
}

@article{kaashoek20066,
  title={6.828 Operating System Engineering, Fall 2006},
  author={Kaashoek, Frans},
  year={2006}
}

@article{russell2008virtio,
  title={virtio: towards a de-facto standard for virtual I/O devices},
  author={Russell, Rusty},
  journal={ACM SIGOPS Operating Systems Review},
  volume={42},
  number={5},
  pages={95--103},
  year={2008},
  publisher={ACM New York, NY, USA}
}

@inproceedings{bonwick1994slab,
  title={The slab allocator: An object-caching kernel memory allocator.},
  author={Bonwick, Jeff and others},
  booktitle={USENIX summer},
  volume={16},
  year={1994},
  organization={Boston, MA, USA}
}

@article{peterson1977buddy,
  title={Buddy systems},
  author={Peterson, James L and Norman, Theodore A},
  journal={Communications of the ACM},
  volume={20},
  number={6},
  pages={421--431},
  year={1977},
  publisher={ACM New York, NY, USA}
}
