@book{corbet2005linux,
  title={Linux device drivers},
  author={Corbet, Jonathan and Rubini, Alessandro and Kroah-Hartman, Greg},
  year={2005},
  publisher={" O'Reilly Media, Inc."}
}

@article{dijkstra1968letters,
  title={Letters to the editor: go to statement considered harmful},
  author={Dijkstra, Edsger W},
  journal={Communications of the ACM},
  volume={11},
  number={3},
  pages={147--148},
  year={1968},
  publisher={ACM New York, NY, USA}
}